@book{abraham,
  title={Manifolds, tensor analysis, and applications},
  author={Abraham, Ralph and Marsden, Jerrold E. and Ratiu, Tudor},
  volume={75},
  year={2012},
  publisher={Springer Science \& Business Media}
}


@book {awodey,
	AUTHOR = {Awodey, Steve},
	TITLE = {Category theory},
	SERIES = {Oxford Logic Guides},
	VOLUME = {52},
	EDITION = {Second},
	PUBLISHER = {Oxford University Press, Oxford},
	YEAR = {2010},
	PAGES = {xvi+311},
	MRCLASS = {18-01 (03G30 18A25)},
	MRNUMBER = {2668552},
}

@book{mac_lane,
	address = {New York, NY},
	edition = {2nd. ed., Softcover version of original hardcover edition 1998},
	series = {Graduate texts in mathematics},
	title = {Categories for the working mathematician},
	isbn = {9781441931238},
	language = {eng},
	number = {5},
	publisher = {Springer},
	author = {Mac Lane, Saunders},
	year = {2010},
}

@book{lima2004curso,
  title={Curso de An{\'a}lise},
  volume={2},
  author={Lima, Elon Lages},
  publisher = {IMPA, Rio de Janeiro},
  year={2014}
}

@book{munkres2000topology,
  title={Topology},
  author={Munkres, James R},
  volume={2},
  year={2000},
  publisher={Prentice Hall Upper Saddle River}
}

@misc{perrone2021notes,
      title={Notes on Category Theory with examples from basic mathematics}, 
      author={Paolo Perrone},
      year={2021},
      eprint={1912.10642},
      archivePrefix={arXiv},
      primaryClass={math.CT}
}

@article{Joyal1991,
  doi = {10.1016/0001-8708(91)90003-p},
  url = {https://doi.org/10.1016/0001-8708(91)90003-p},
  year = {1991},
  month = jul,
  publisher = {Elsevier {BV}},
  volume = {88},
  number = {1},
  pages = {55--112},
  author = {Andr{\'{e}} Joyal and Ross Street},
  title = {The geometry of tensor calculus,  I},
  journal = {Advances in Mathematics}
}

@incollection{Selinger_2010,
	doi = {10.1007/978-3-642-12821-9_4},
	url = {https://doi.org/10.1007%2F978-3-642-12821-9_4},
	year = 2010,
	publisher = {Springer Berlin Heidelberg},
	pages = {289--355},
	author = {P. Selinger},
	title = {A Survey of Graphical Languages for Monoidal Categories},
	booktitle = {New Structures for Physics}
}

@misc{kerodon,
	title        = {Kerodon},
	author       = {Jacob Lurie},
	URL = {
https://kerodon.net
},
	year         = {2021},
}

@incollection {MR4142439,
    AUTHOR = {Fong, Brendan and Spivak, David and Tuy\'{e}ras, R\'{e}my},
     TITLE = {Backprop as functor: a compositional perspective on supervised
              learning},
 BOOKTITLE = {2019 34th {A}nnual {ACM}/{IEEE} {S}ymposium on {L}ogic in
              {C}omputer {S}cience ({LICS})},
     PAGES = {[13 pp.]},
 PUBLISHER = {IEEE, [Piscataway], NJ},
      YEAR = {2019},
   MRCLASS = {68Q32 (18M05)},
  MRNUMBER = {4142439},
}

@book{munkres1991analysis,
  title={Analysis On Manifolds},
  author={Munkres, J.R.},
  isbn={9780201315967},
  lccn={89039786},
  url={https://books.google.com.co/books?id=rSTcqZMZ8UIC},
  year={1991},
  publisher={Basic Books}
}

@book{Nakahara2003GTP,
  added-at = {2009-04-28T18:21:25.000+0200},
  author = {Nakahara, M.},
  biburl = {https://www.bibsonomy.org/bibtex/2863a71a1d9b05f59862f26c82988a7fa/gber},
  description = {SPIRES-HEP: FIND KEY 7208855},
  interhash = {d7f753c0d0a37ec8139f8e01baaa8e55},
  intrahash = {863a71a1d9b05f59862f26c82988a7fa},
  keywords = {GeneralQFT mathematics},
  note = {Bristol, UK: Hilger (1990) 505 p. (Graduate student series
                  in physics)},
  timestamp = {2009-04-28T18:21:26.000+0200},
  title = {Geometry, topology and physics},
  url = {http://www.slac.stanford.edu/spires/find/hep/www?key=7208855},
  year = 2003
}


